@mvbook{Darwin,
	author = {Charles Darwin},
	title = {The descent of man, and selection in relation to sex},
	date = {1871},
	year = {1871},
	OPTeditor = {editor},
	OPTeditora = {editora},
	OPTeditorb = {editorb},
	OPTeditorc = {editorc},
	OPTtranslator = {translator},
	OPTannotator = {annotator},
	OPTcommentator = {commentator},
	OPTintroduction = {introduction},
	OPTforeword = {foreword},
	OPTafterword = {afterword},
	OPTsubtitle = {subtitle},
	OPTtitleaddon = {titleaddon},
	OPTlanguage = {language},
	OPToriglanguage = {origlanguage},
	OPTedition = {edition},
	volumes = {2},
	OPTseries = {series},
	OPTnumber = {number},
	OPTnote = {note},
	publisher = {John Murray},
	location = {London},
	OPTisbn = {isbn},
	OPTpagetotal = {pagetotal},
	OPTaddendum = {addendum},
	OPTpubstate = {pubstate},
	OPTdoi = {doi},
	OPTeprint = {eprint},
	OPTeprintclass = {eprintclass},
	OPTeprinttype = {eprinttype},
	OPTurl = {url},
	OPTurldate = {urldate},
	note = {Vol. II, Chapter XIV}
}
